<?xml version="1.0" encoding="UTF-8"?><collection xmlns="http://www.loc.gov/MARC21/slim"><record><leader>00532nam--2200169-i-4500</leader><controlfield tag="001">000018649</controlfield><controlfield tag="002">20161230</controlfield><controlfield tag="005">20161230201032</controlfield><controlfield tag="008">060222s1000------------r-----000-0-eng-d</controlfield><datafield ind1=" " ind2=" " tag="040"><subfield code="a">IFIN-HH</subfield></datafield><datafield ind1=" " ind2=" " tag="080"><subfield code="a">539.1.08</subfield></datafield><datafield ind1="1" ind2=" " tag="100"><subfield code="a">Fossati, Franco</subfield></datafield><datafield ind1="1" ind2="0" tag="245"><subfield code="a">Quantities, units and measuring methods of ionizing radiation. a symposium (rome, april 14-15, 1958)</subfield><subfield code="c">Franco fossati (ed.)</subfield></datafield><datafield ind1=" " ind2=" " tag="260"><subfield code="a">Milan</subfield><subfield code="b">Ulrico Hoepli, Publisher</subfield><subfield code="c">1959</subfield></datafield><datafield ind1=" " ind2=" " tag="300"><subfield code="a">XXIII + 359 P</subfield></datafield><datafield ind1=" " ind2=" " tag="852"><subfield code="a">18531</subfield><subfield code="c">539.1.07:539.1.08</subfield></datafield><datafield ind1=" " ind2=" " tag="CAT"><subfield code="a">Sys</subfield><subfield code="c">20111018</subfield><subfield code="h">141948</subfield></datafield></record></collection>